@ONLINE{ntsb,
author = {Hall, Jim},
organization = {National Transportation Safety Board},
title = {Testimony of Jim Hall},
month = oct,
year = {1999},
url = {http://www.ntsb.gov/news/speeches/hall/jhc991007.htm}
}

@ONLINE{aco,
author = {Dorigo, Marco},
organization = {Politecnico di Milano},
title = {Distributed Optimization by Ant Colonies},
year = {1992},
url = {ftp://iridia.ulb.ac.be/pub/mdorigo/conferences/IC.06-ECAL92.pdf}
}

@ONLINE{imo,
organization = {The International Maritime Organisation},
title = {Sub-Committee on Ship Design and Equipment (DE)},
month = feb,
year = {2006},
url = {http://www.imo.org/blast/mainframe.asp?topic_id=107&doc_id=6173}
}

@ONLINE{total,
organization = {The International Maritime Organisation},
title = {INTERIM GUIDELINES FOR EVACUATION ANALYSES FOR NEW AND EXISTING PASSENGER SHIPS},
month = jun,
year = {2002},
url = {http://www.imo.org/blast/blastDataHelper.asp?data_id=5333&filename=1033.pdf}
}

@article{Pan:2007,
 author = {Pan, Xiaoshan and Han, Charles S. and Dauber, Ken and Law, Kincho H.},
 title = {A multi-agent based framework for the simulation of human and social behaviors during emergency evacuations},
 journal = {AI Soc.},
 issue_date = {October 2007},
 volume = {22},
 number = {2},
 month = oct,
 year = {2007},
 issn = {0951-5666},
 pages = {113--132},
 numpages = {20},
 url = {http://dx.doi.org/10.1007/s00146-007-0126-1},
 doi = {10.1007/s00146-007-0126-1},
 acmid = {1296282},
 publisher = {Springer-Verlag},
 address = {London, UK, UK},
} 
